@book{FCT,
  author    = {{Gabor T. Herman}},
  title     = {{Fundamentals of Computerized Tomography - Image Reconstruction from Projections 2nd Edition}},
  year      = {2009},
  publisher = {Springer}
}

@misc{CRS_slide,
  author  = {{Jack Dongarra}},
  title   = {{Web-slides on Compressed Row Sparse Matrices}},
  url     = {http://netlib.org/linalg/html_templates/node91.html},
  note    = {last accesed 22-04-2018}
}

@misc{SCIPY_CRS,
  author  = {The Scipy community},
  title   = {{Scipy documentation on Compressed Row Sparse Matrices}},
  url     = {https://docs.scipy.org/doc/scipy/reference/generated/scipy.sparse.csr_matrix.html},
  note    = {last accesed 22-04-2018}
}

@article{BLOCK,
  author  = {Fran√ßois Lauze},
  title   = {{Block Damped ART and Block Damped Cimmino in Tomographic reconstruction}},
  year    = {October 31, 2017}
}

@article{PRESS,
  author  = {William H. Press},
  title   = {{Discrete Radon transform has an exact, fast inverse and generalizes to operations other than sums along lines}},
  year    = {October 18, 2006}
}

@misc{SUPERCOMPUTING,
  author  = {The Supercomputing Blog},
  title   = {{Performance of sqrt in CUDA}},
  url     = {http://supercomputingblog.com/cuda/performance-of-sqrt-in-cuda/},
  note    = {last accesed 01-06-2018}
}

@misc{PCIE,
  author  = {Wikipedia},
  title   = {{PCI Express}},
  url     = {https://en.wikipedia.org/wiki/PCI_Express#PCI_Express_(standard)},
  note    = {last accesed 02-06-2018}
}

@misc{PICTURE,
  author  = {impactscan},
  title   = {{Basic Principles of CT}},
  url     = {http://www.impactscan.org/slides/impactcourse/basic_principles_of_ct/img15.html},
  note    = {last accesed 10-06-2018}
}

@misc{PYOPENCL,
  author  = {Andreas Kloeckner},
  title   = {{PyOpenCl Installation documentation}},
  url     = {https://documen.tician.de/pyopencl/misc.html},
  note    = {last accesed 10-06-2018}
}

