@book{report,
  author    =    "Herluf Baggesen, Mads B. Frederiksen and Rasmus B. Rottwitt",
  title     =    "\textit{UIS Group Project 4}",
  year      = "May 31, 2017",
  publisher = "University of Copenhagen"
}

@book{db-book,
    author    = "Hector Garcia-Molina, Jeffrey D. Ullman and Jennifer Widom (compiled by Marcos Vaz Salles)",
    title     = "\textit{Database Systems: Selected chapters}",
    year      = "2009",
    publisher = "Pearson"
}

@book{design-book,
    author    = "Keld BÃ¸dker, Finn Kensing and Jesper Simonsen.",
    title     = "\textit{Participatory IT design : designing for business and workplace realities}",
    year      = "2004",
    publisher = "Massachusetts Institute of Technology"
}


@book{proto-article,
    author    = "Youn-Kyung Lim, Erik Stolterman and Josh Tenenberg",
    title     = "\textit{The Anatomy of Prototypes: Prototypes as Filters, Prototypes as Manifestations
of Design Ideas}",
    year      = "2008"
}

@book{scrum,
    author    = "Jeff Sutherland",
    title     = "\textit{Scrum Handbook}",
    publisher = "Scrum Training Institute",
    year      = "2010"
}

@online{djangodocs,
    author    = "Written by the Django community",
    title     = "\textit{Django documentation}",
    url       = "https://docs.djangoproject.com/en/1.11/",
    urldate   = "2017-14-06"
}
